%YAML 1.1
%TAG !u! tag:unity3d.com,2011:
--- !u!1 &3443537306023251131
GameObject:
  m_ObjectHideFlags: 0
  m_CorrespondingSourceObject: {fileID: 0}
  m_PrefabInstance: {fileID: 0}
  m_PrefabAsset: {fileID: 0}
  serializedVersion: 6
  m_Component:
  - component: {fileID: 143807644202298607}
  - component: {fileID: 4339085250647434146}
  - component: {fileID: 3508373993728861154}
  - component: {fileID: 3423256456741479095}
  m_Layer: 5
  m_Name: Loading
  m_TagString: Untagged
  m_Icon: {fileID: 0}
  m_NavMeshLayer: 0
  m_StaticEditorFlags: 0
  m_IsActive: 1
--- !u!224 &143807644202298607
RectTransform:
  m_ObjectHideFlags: 0
  m_CorrespondingSourceObject: {fileID: 0}
  m_PrefabInstance: {fileID: 0}
  m_PrefabAsset: {fileID: 0}
  m_GameObject: {fileID: 3443537306023251131}
  m_LocalRotation: {x: 0, y: 0, z: 0, w: 1}
  m_LocalPosition: {x: 0, y: 0, z: 0}
  m_LocalScale: {x: 1, y: 1, z: 1}
  m_Children: []
  m_Father: {fileID: 5367403779234639334}
  m_RootOrder: 0
  m_LocalEulerAnglesHint: {x: 0, y: 0, z: 0}
  m_AnchorMin: {x: 0, y: 0}
  m_AnchorMax: {x: 0, y: 0}
  m_AnchoredPosition: {x: 0, y: 0}
  m_SizeDelta: {x: 0, y: 0}
  m_Pivot: {x: 0.5, y: 0.5}
--- !u!222 &4339085250647434146
CanvasRenderer:
  m_ObjectHideFlags: 0
  m_CorrespondingSourceObject: {fileID: 0}
  m_PrefabInstance: {fileID: 0}
  m_PrefabAsset: {fileID: 0}
  m_GameObject: {fileID: 3443537306023251131}
  m_CullTransparentMesh: 1
--- !u!114 &3508373993728861154
MonoBehaviour:
  m_ObjectHideFlags: 0
  m_CorrespondingSourceObject: {fileID: 0}
  m_PrefabInstance: {fileID: 0}
  m_PrefabAsset: {fileID: 0}
  m_GameObject: {fileID: 3443537306023251131}
  m_Enabled: 1
  m_EditorHideFlags: 0
  m_Script: {fileID: 11500000, guid: fe87c0e1cc204ed48ad3b37840f39efc, type: 3}
  m_Name: 
  m_EditorClassIdentifier: 
  m_Material: {fileID: 0}
  m_Color: {r: 1, g: 1, b: 1, a: 1}
  m_RaycastTarget: 1
  m_RaycastPadding: {x: 0, y: 0, z: 0, w: 0}
  m_Maskable: 1
  m_OnCullStateChanged:
    m_PersistentCalls:
      m_Calls: []
  m_Sprite: {fileID: 21300000, guid: adb2a5d281501ff40b17627f28c4f908, type: 3}
  m_Type: 0
  m_PreserveAspect: 0
  m_FillCenter: 1
  m_FillMethod: 4
  m_FillAmount: 1
  m_FillClockwise: 1
  m_FillOrigin: 0
  m_UseSpriteMesh: 0
  m_PixelsPerUnitMultiplier: 1
--- !u!114 &3423256456741479095
MonoBehaviour:
  m_ObjectHideFlags: 0
  m_CorrespondingSourceObject: {fileID: 0}
  m_PrefabInstance: {fileID: 0}
  m_PrefabAsset: {fileID: 0}
  m_GameObject: {fileID: 3443537306023251131}
  m_Enabled: 1
  m_EditorHideFlags: 0
  m_Script: {fileID: 11500000, guid: 86710e43de46f6f4bac7c8e50813a599, type: 3}
  m_Name: 
  m_EditorClassIdentifier: 
  m_AspectMode: 4
  m_AspectRatio: 1.7795454
--- !u!1 &5367403779234639333
GameObject:
  m_ObjectHideFlags: 0
  m_CorrespondingSourceObject: {fileID: 0}
  m_PrefabInstance: {fileID: 0}
  m_PrefabAsset: {fileID: 0}
  serializedVersion: 6
  m_Component:
  - component: {fileID: 5367403779234639334}
  - component: {fileID: 5367403779234639353}
  - component: {fileID: 6671044849882864364}
  - component: {fileID: 8704684908957937585}
  m_Layer: 5
  m_Name: LoadingScreen
  m_TagString: Untagged
  m_Icon: {fileID: 0}
  m_NavMeshLayer: 0
  m_StaticEditorFlags: 0
  m_IsActive: 1
--- !u!224 &5367403779234639334
RectTransform:
  m_ObjectHideFlags: 0
  m_CorrespondingSourceObject: {fileID: 0}
  m_PrefabInstance: {fileID: 0}
  m_PrefabAsset: {fileID: 0}
  m_GameObject: {fileID: 5367403779234639333}
  m_LocalRotation: {x: 0, y: 0, z: 0, w: 1}
  m_LocalPosition: {x: 0, y: 0, z: 0}
  m_LocalScale: {x: 1, y: 1, z: 1}
  m_Children:
  - {fileID: 143807644202298607}
  - {fileID: 8862715711811314886}
  - {fileID: 6726150619924558412}
  m_Father: {fileID: 0}
  m_RootOrder: 0
  m_LocalEulerAnglesHint: {x: 0, y: 0, z: 0}
  m_AnchorMin: {x: 0, y: 0}
  m_AnchorMax: {x: 1, y: 1}
  m_AnchoredPosition: {x: 0, y: 0}
  m_SizeDelta: {x: 0, y: 0}
  m_Pivot: {x: 0.5, y: 0.5}
--- !u!222 &5367403779234639353
CanvasRenderer:
  m_ObjectHideFlags: 0
  m_CorrespondingSourceObject: {fileID: 0}
  m_PrefabInstance: {fileID: 0}
  m_PrefabAsset: {fileID: 0}
  m_GameObject: {fileID: 5367403779234639333}
  m_CullTransparentMesh: 1
--- !u!114 &6671044849882864364
MonoBehaviour:
  m_ObjectHideFlags: 0
  m_CorrespondingSourceObject: {fileID: 0}
  m_PrefabInstance: {fileID: 0}
  m_PrefabAsset: {fileID: 0}
  m_GameObject: {fileID: 5367403779234639333}
  m_Enabled: 1
  m_EditorHideFlags: 0
  m_Script: {fileID: 11500000, guid: d2449feeb0e85b246855aceb534dfec2, type: 3}
  m_Name: 
  m_EditorClassIdentifier: 
  m_LoadingDone: 0
  m_IsLevel0: 0
  m_ChatAndFriends: {fileID: 0}
--- !u!223 &8704684908957937585
Canvas:
  m_ObjectHideFlags: 0
  m_CorrespondingSourceObject: {fileID: 0}
  m_PrefabInstance: {fileID: 0}
  m_PrefabAsset: {fileID: 0}
  m_GameObject: {fileID: 5367403779234639333}
  m_Enabled: 1
  serializedVersion: 3
  m_RenderMode: 2
  m_Camera: {fileID: 0}
  m_PlaneDistance: 100
  m_PixelPerfect: 0
  m_ReceivesEvents: 1
  m_OverrideSorting: 1
  m_OverridePixelPerfect: 0
  m_SortingBucketNormalizedSize: 0
  m_AdditionalShaderChannelsFlag: 0
  m_SortingLayerID: 0
  m_SortingOrder: 15
  m_TargetDisplay: 0
--- !u!1001 &5367403778827677752
PrefabInstance:
  m_ObjectHideFlags: 0
  serializedVersion: 2
  m_Modification:
    m_TransformParent: {fileID: 5367403779234639334}
    m_Modifications:
    - target: {fileID: 3495472496043726078, guid: 6c03c4c0f10db9e4c8eeae510f564eba, type: 3}
      propertyPath: m_Pivot.x
      value: 1
      objectReference: {fileID: 0}
    - target: {fileID: 3495472496043726078, guid: 6c03c4c0f10db9e4c8eeae510f564eba, type: 3}
      propertyPath: m_Pivot.y
      value: 0
      objectReference: {fileID: 0}
    - target: {fileID: 3495472496043726078, guid: 6c03c4c0f10db9e4c8eeae510f564eba, type: 3}
      propertyPath: m_RootOrder
      value: 1
      objectReference: {fileID: 0}
    - target: {fileID: 3495472496043726078, guid: 6c03c4c0f10db9e4c8eeae510f564eba, type: 3}
      propertyPath: m_AnchorMax.x
      value: 1
      objectReference: {fileID: 0}
    - target: {fileID: 3495472496043726078, guid: 6c03c4c0f10db9e4c8eeae510f564eba, type: 3}
      propertyPath: m_AnchorMax.y
      value: 0
      objectReference: {fileID: 0}
    - target: {fileID: 3495472496043726078, guid: 6c03c4c0f10db9e4c8eeae510f564eba, type: 3}
      propertyPath: m_AnchorMin.x
      value: 1
      objectReference: {fileID: 0}
    - target: {fileID: 3495472496043726078, guid: 6c03c4c0f10db9e4c8eeae510f564eba, type: 3}
      propertyPath: m_AnchorMin.y
      value: 0
      objectReference: {fileID: 0}
    - target: {fileID: 3495472496043726078, guid: 6c03c4c0f10db9e4c8eeae510f564eba, type: 3}
      propertyPath: m_SizeDelta.x
      value: 0
      objectReference: {fileID: 0}
    - target: {fileID: 3495472496043726078, guid: 6c03c4c0f10db9e4c8eeae510f564eba, type: 3}
      propertyPath: m_SizeDelta.y
      value: 100
      objectReference: {fileID: 0}
    - target: {fileID: 3495472496043726078, guid: 6c03c4c0f10db9e4c8eeae510f564eba, type: 3}
      propertyPath: m_LocalPosition.x
      value: 0
      objectReference: {fileID: 0}
    - target: {fileID: 3495472496043726078, guid: 6c03c4c0f10db9e4c8eeae510f564eba, type: 3}
      propertyPath: m_LocalPosition.y
      value: 0
      objectReference: {fileID: 0}
    - target: {fileID: 3495472496043726078, guid: 6c03c4c0f10db9e4c8eeae510f564eba, type: 3}
      propertyPath: m_LocalPosition.z
      value: 0
      objectReference: {fileID: 0}
    - target: {fileID: 3495472496043726078, guid: 6c03c4c0f10db9e4c8eeae510f564eba, type: 3}
      propertyPath: m_LocalRotation.w
      value: 1
      objectReference: {fileID: 0}
    - target: {fileID: 3495472496043726078, guid: 6c03c4c0f10db9e4c8eeae510f564eba, type: 3}
      propertyPath: m_LocalRotation.x
      value: 0
      objectReference: {fileID: 0}
    - target: {fileID: 3495472496043726078, guid: 6c03c4c0f10db9e4c8eeae510f564eba, type: 3}
      propertyPath: m_LocalRotation.y
      value: 0
      objectReference: {fileID: 0}
    - target: {fileID: 3495472496043726078, guid: 6c03c4c0f10db9e4c8eeae510f564eba, type: 3}
      propertyPath: m_LocalRotation.z
      value: 0
      objectReference: {fileID: 0}
    - target: {fileID: 3495472496043726078, guid: 6c03c4c0f10db9e4c8eeae510f564eba, type: 3}
      propertyPath: m_AnchoredPosition.x
      value: -292
      objectReference: {fileID: 0}
    - target: {fileID: 3495472496043726078, guid: 6c03c4c0f10db9e4c8eeae510f564eba, type: 3}
      propertyPath: m_AnchoredPosition.y
      value: 162
      objectReference: {fileID: 0}
    - target: {fileID: 3495472496043726078, guid: 6c03c4c0f10db9e4c8eeae510f564eba, type: 3}
      propertyPath: m_LocalEulerAnglesHint.x
      value: 0
      objectReference: {fileID: 0}
    - target: {fileID: 3495472496043726078, guid: 6c03c4c0f10db9e4c8eeae510f564eba, type: 3}
      propertyPath: m_LocalEulerAnglesHint.y
      value: 0
      objectReference: {fileID: 0}
    - target: {fileID: 3495472496043726078, guid: 6c03c4c0f10db9e4c8eeae510f564eba, type: 3}
      propertyPath: m_LocalEulerAnglesHint.z
      value: 0
      objectReference: {fileID: 0}
    - target: {fileID: 3495472496043726079, guid: 6c03c4c0f10db9e4c8eeae510f564eba, type: 3}
      propertyPath: m_Name
      value: Coin
      objectReference: {fileID: 0}
    m_RemovedComponents: []
  m_SourcePrefab: {fileID: 100100000, guid: 6c03c4c0f10db9e4c8eeae510f564eba, type: 3}
--- !u!224 &8862715711811314886 stripped
RectTransform:
  m_CorrespondingSourceObject: {fileID: 3495472496043726078, guid: 6c03c4c0f10db9e4c8eeae510f564eba, type: 3}
  m_PrefabInstance: {fileID: 5367403778827677752}
  m_PrefabAsset: {fileID: 0}
--- !u!1001 &5367403778951110036
PrefabInstance:
  m_ObjectHideFlags: 0
  serializedVersion: 2
  m_Modification:
    m_TransformParent: {fileID: 5367403779234639334}
    m_Modifications:
    - target: {fileID: 1667685458097895326, guid: b1eaac3b9f22fe743a59bac52102117c, type: 3}
      propertyPath: m_AnchoredPosition.x
      value: -63.699997
      objectReference: {fileID: 0}
    - target: {fileID: 1667685458585858008, guid: b1eaac3b9f22fe743a59bac52102117c, type: 3}
      propertyPath: m_Pivot.x
      value: 1
      objectReference: {fileID: 0}
    - target: {fileID: 1667685458585858008, guid: b1eaac3b9f22fe743a59bac52102117c, type: 3}
      propertyPath: m_Pivot.y
      value: 0
      objectReference: {fileID: 0}
    - target: {fileID: 1667685458585858008, guid: b1eaac3b9f22fe743a59bac52102117c, type: 3}
      propertyPath: m_RootOrder
      value: 2
      objectReference: {fileID: 0}
    - target: {fileID: 1667685458585858008, guid: b1eaac3b9f22fe743a59bac52102117c, type: 3}
      propertyPath: m_AnchorMax.x
      value: 1
      objectReference: {fileID: 0}
    - target: {fileID: 1667685458585858008, guid: b1eaac3b9f22fe743a59bac52102117c, type: 3}
      propertyPath: m_AnchorMax.y
      value: 0
      objectReference: {fileID: 0}
    - target: {fileID: 1667685458585858008, guid: b1eaac3b9f22fe743a59bac52102117c, type: 3}
      propertyPath: m_AnchorMin.x
      value: 1
      objectReference: {fileID: 0}
    - target: {fileID: 1667685458585858008, guid: b1eaac3b9f22fe743a59bac52102117c, type: 3}
      propertyPath: m_AnchorMin.y
      value: 0
      objectReference: {fileID: 0}
    - target: {fileID: 1667685458585858008, guid: b1eaac3b9f22fe743a59bac52102117c, type: 3}
      propertyPath: m_SizeDelta.x
      value: 0
      objectReference: {fileID: 0}
    - target: {fileID: 1667685458585858008, guid: b1eaac3b9f22fe743a59bac52102117c, type: 3}
      propertyPath: m_SizeDelta.y
      value: 100
      objectReference: {fileID: 0}
    - target: {fileID: 1667685458585858008, guid: b1eaac3b9f22fe743a59bac52102117c, type: 3}
      propertyPath: m_LocalScale.x
      value: 1.0001
      objectReference: {fileID: 0}
    - target: {fileID: 1667685458585858008, guid: b1eaac3b9f22fe743a59bac52102117c, type: 3}
      propertyPath: m_LocalScale.y
      value: 1.0001
      objectReference: {fileID: 0}
    - target: {fileID: 1667685458585858008, guid: b1eaac3b9f22fe743a59bac52102117c, type: 3}
      propertyPath: m_LocalScale.z
      value: 1.0001
      objectReference: {fileID: 0}
    - target: {fileID: 1667685458585858008, guid: b1eaac3b9f22fe743a59bac52102117c, type: 3}
      propertyPath: m_LocalPosition.x
      value: 0
      objectReference: {fileID: 0}
    - target: {fileID: 1667685458585858008, guid: b1eaac3b9f22fe743a59bac52102117c, type: 3}
      propertyPath: m_LocalPosition.y
      value: 0
      objectReference: {fileID: 0}
    - target: {fileID: 1667685458585858008, guid: b1eaac3b9f22fe743a59bac52102117c, type: 3}
      propertyPath: m_LocalPosition.z
      value: 0
      objectReference: {fileID: 0}
    - target: {fileID: 1667685458585858008, guid: b1eaac3b9f22fe743a59bac52102117c, type: 3}
      propertyPath: m_LocalRotation.w
      value: 1
      objectReference: {fileID: 0}
    - target: {fileID: 1667685458585858008, guid: b1eaac3b9f22fe743a59bac52102117c, type: 3}
      propertyPath: m_LocalRotation.x
      value: -0
      objectReference: {fileID: 0}
    - target: {fileID: 1667685458585858008, guid: b1eaac3b9f22fe743a59bac52102117c, type: 3}
      propertyPath: m_LocalRotation.y
      value: -0
      objectReference: {fileID: 0}
    - target: {fileID: 1667685458585858008, guid: b1eaac3b9f22fe743a59bac52102117c, type: 3}
      propertyPath: m_LocalRotation.z
      value: -0
      objectReference: {fileID: 0}
    - target: {fileID: 1667685458585858008, guid: b1eaac3b9f22fe743a59bac52102117c, type: 3}
      propertyPath: m_AnchoredPosition.x
      value: -317.64944
      objectReference: {fileID: 0}
    - target: {fileID: 1667685458585858008, guid: b1eaac3b9f22fe743a59bac52102117c, type: 3}
      propertyPath: m_AnchoredPosition.y
      value: 31.600098
      objectReference: {fileID: 0}
    - target: {fileID: 1667685458585858008, guid: b1eaac3b9f22fe743a59bac52102117c, type: 3}
      propertyPath: m_LocalEulerAnglesHint.x
      value: 0
      objectReference: {fileID: 0}
    - target: {fileID: 1667685458585858008, guid: b1eaac3b9f22fe743a59bac52102117c, type: 3}
      propertyPath: m_LocalEulerAnglesHint.y
      value: 0
      objectReference: {fileID: 0}
    - target: {fileID: 1667685458585858008, guid: b1eaac3b9f22fe743a59bac52102117c, type: 3}
      propertyPath: m_LocalEulerAnglesHint.z
      value: 0
      objectReference: {fileID: 0}
    - target: {fileID: 1667685458585858009, guid: b1eaac3b9f22fe743a59bac52102117c, type: 3}
      propertyPath: m_Name
      value: Loading
      objectReference: {fileID: 0}
    - target: {fileID: 1667685458784097831, guid: b1eaac3b9f22fe743a59bac52102117c, type: 3}
      propertyPath: m_AnchoredPosition.x
      value: -18.599976
      objectReference: {fileID: 0}
    - target: {fileID: 1667685459050307292, guid: b1eaac3b9f22fe743a59bac52102117c, type: 3}
      propertyPath: m_AnchorMin.y
      value: 0.5
      objectReference: {fileID: 0}
    - target: {fileID: 1667685459050307292, guid: b1eaac3b9f22fe743a59bac52102117c, type: 3}
      propertyPath: m_SizeDelta.y
      value: 43.9725
      objectReference: {fileID: 0}
    - target: {fileID: 1667685459050307292, guid: b1eaac3b9f22fe743a59bac52102117c, type: 3}
      propertyPath: m_AnchoredPosition.x
      value: -103.5
      objectReference: {fileID: 0}
    - target: {fileID: 1667685459050307292, guid: b1eaac3b9f22fe743a59bac52102117c, type: 3}
      propertyPath: m_AnchoredPosition.y
      value: -0.51379776
      objectReference: {fileID: 0}
    m_RemovedComponents: []
  m_SourcePrefab: {fileID: 100100000, guid: b1eaac3b9f22fe743a59bac52102117c, type: 3}
--- !u!224 &6726150619924558412 stripped
RectTransform:
  m_CorrespondingSourceObject: {fileID: 1667685458585858008, guid: b1eaac3b9f22fe743a59bac52102117c, type: 3}
  m_PrefabInstance: {fileID: 5367403778951110036}
  m_PrefabAsset: {fileID: 0}
